<record><leader>00000cas a22000007a 4500</leader><controlfield tag="001">34764140</controlfield><controlfield tag="008">960521c19779999okuwr n       0    0eng d</controlfield><datafield ind1=" " ind2=" " tag="010"><subfield code="a">sn 96087780 </subfield></datafield><datafield ind1=" " ind2=" " tag="040"><subfield code="a">OBN</subfield><subfield code="b">eng</subfield><subfield code="c">OBN</subfield><subfield code="d">OCLCQ</subfield><subfield code="d">OCLCF</subfield><subfield code="d">OCLCO</subfield></datafield><datafield ind1="1" ind2=" " tag="029"><subfield code="a">AU@</subfield><subfield code="b">000025921959</subfield></datafield><datafield ind1=" " ind2=" " tag="042"><subfield code="a">msc</subfield></datafield><datafield ind1="0" ind2=" " tag="130"><subfield code="a">Oklahoma hornet (Waukomis, Okla. : 1977)</subfield></datafield><datafield ind1="0" ind2="4" tag="245"><subfield code="a">The Oklahoma hornet.</subfield></datafield><datafield ind1=" " ind2=" " tag="260"><subfield code="a">Waukomis, Garfield County, Okla. :</subfield><subfield code="b">Jack Christy</subfield></datafield><datafield ind1=" " ind2=" " tag="300"><subfield code="a">v.</subfield></datafield><datafield ind1=" " ind2=" " tag="310"><subfield code="a">Weekly</subfield></datafield><datafield ind1="0" ind2=" " tag="362"><subfield code="a">Vol. 78, no. 47 (May 19, 1977)-</subfield></datafield><datafield ind1=" " ind2="0" tag="651"><subfield code="a">Waukomis (Okla.)</subfield><subfield code="v">Newspapers.</subfield></datafield><datafield ind1=" " ind2="0" tag="651"><subfield code="a">Garfield County (Okla.)</subfield><subfield code="v">Newspapers.</subfield></datafield><datafield ind1=" " ind2="7" tag="655"><subfield code="a">Newspapers.</subfield><subfield code="2">fast</subfield><subfield code="0">(OCoLC)fst01423814</subfield></datafield><datafield ind1=" " ind2="7" tag="651"><subfield code="a">Oklahoma</subfield><subfield code="z">Garfield County.</subfield><subfield code="2">fast</subfield><subfield code="0">(OCoLC)fst01221561</subfield></datafield><datafield ind1=" " ind2="7" tag="651"><subfield code="a">Oklahoma</subfield><subfield code="z">Waukomis.</subfield><subfield code="2">fast</subfield><subfield code="0">(OCoLC)fst01871444</subfield></datafield><datafield ind1=" " ind2=" " tag="752"><subfield code="a">United States</subfield><subfield code="b">Oklahoma</subfield><subfield code="c">Garfield</subfield><subfield code="d">Waukomis.</subfield></datafield><datafield ind1="0" ind2="0" tag="780"><subfield code="t">Waukomis Oklahoma hornet</subfield><subfield code="w">(DLC)sn 96087779</subfield><subfield code="w">(OCoLC)34763994</subfield></datafield></record>